	@book{ConvexOpimization,
		author = {Stephen Boyd and Lieven Vandenberghe},
		title = {Convex Optimization},
		publisher = {Cambridge University Press},
		year = {2004}
	}